@techreport{european-commission-2019-financing-sustainable-growth,
  author      = {European Commission},
  title       = {Factsheet: Financing sustainable growth},
  year        = {2019},
  institution = {European Commission},
  note        = {Factsheet associated with the EU Sustainable Finance agenda and the European Green Deal},
  langid      = {english}
}

@article{tkachuk2023-segan-privacy-trust-energy-marketplace,
  author  = {Tkachuk, Roman-Valentyn and Ilie, Dragos and Robert, Remi and Kebande, Victor and Tutschku, Kurt},
  title   = {Towards Efficient Privacy and Trust in Decentralized Blockchain-Based Peer-to-Peer Renewable Energy Marketplace},
  journal = {Sustainable Energy, Grids and Networks},
  year    = {2023},
  volume  = {35},
  pages   = {101146},
  doi     = {10.1016/j.segan.2023.101146},
  langid  = {english}
}

@article{tkachuk2023-annals-telecom-consensus-performance,
  author  = {Tkachuk, Roman-Valentyn and Ilie, Dragos and Robert, Remi and Kebande, Victor and Tutschku, Kurt},
  title   = {On the Performance and Scalability of Consensus Mechanisms in Privacy-Enabled Decentralized Renewable Energy Marketplace},
  journal = {Annals of Telecommunications},
  year    = {2023},
  pages   = {1--18},
  doi     = {10.1007/s12243-023-00973-8},
  note    = {Invited extension of ICIN 2023 best paper},
  langid  = {english}
}

@phdthesis{vonwachter2023-defi-phd,
  author       = {von Wachter, Carl Victor},
  title        = {Decentralized Finance: Building and Analyzing Financial Infrastructure on Blockchain Technology},
  school       = {University of Copenhagen, Department of Computer Science},
  address      = {Copenhagen, Denmark},
  year         = {2023},
  type         = {Ph.D. thesis},
  langid       = {english}
}
@article{aghion1997-decentralization,
  author  = {Aghion, Philippe and Tirole, Jean},
  title   = {Formal and Real Authority in Organizations},
  journal = {Journal of Political Economy},
  volume  = {105},
  number  = {1},
  pages   = {1--29},
  year    = {1997},
  doi     = {10.1086/262063}
}

@article{atzori2018-trust-chain,
  author  = {Atzori, Marcella},
  title   = {Blockchain Technology and Decentralized Governance: The Pitfalls of a Trustless Dream},
  journal = {Ledger},
  volume  = {3},
  pages   = {38--54},
  year    = {2018},
  doi     = {10.5195/ledger.2018.140}
}

@techreport{kellers2022-mobilizing-capital,
  author      = {Kellers, Werner},
  title       = {Mobilizing Capital for Sustainable Impact: Essays on Sustainable Finance},
  institution = {University of Zurich},
  year        = {2022}
}

@phdthesis{tkachuk2023-efficient-design,
  author       = {Tkachuk, Roman-Valentyn},
  title        = {Efficient Design of Decentralized Privacy and Trust in Distributed Digital Marketplaces},
  school       = {Blekinge Institute of Technology},
  year         = {2023},
  address      = {Karlskrona, Sweden},
  isbn         = {978-91-7295-465-6}
}

@misc{viridis2025-financial-report,
  author = {VIRIDIS},
  title  = {Financial Report 2025},
  year   = {2025},
  note   = {Internal company document}
}

@misc{viridis2025-investment,
  author = {VIRIDIS},
  title  = {Two-Pager Investment Opportunity Master},
  year   = {2025},
  note   = {Internal investor material}
}

@misc{viridis2025-strategy,
  author = {VIRIDIS},
  title  = {Revised Strategy Paper},
  year   = {2025},
  note   = {Strategic positioning document}
}

@incollection{werner2020-governance-blockchain,
  author    = {Werner, Sam and others},
  title     = {Governance of Blockchain Systems: Trust, Transparency and Participation},
  booktitle = {Blockchain and the Future of Governance},
  publisher = {Springer},
  year      = {2020},
  pages     = {45--62}
}

@article{westphall2022-blockchain-privacy-scalability,
  author  = {Westphall, Johann and Martina, Jean Everson},
  title   = {Blockchain Privacy and Scalability in a Decentralized Validated Energy Trading Context with Hyperledger Fabric},
  journal = {Sensors},
  year    = {2022},
  volume  = {22},
  number  = {12},
  pages   = {4506},
  doi     = {10.3390/s22124506},
  note    = {Focuses on privacy and scalability using Hyperledger Fabric},
  langid  = {english}
}

@article{wang2021-consensus-decentralized-energy-trading,
  author  = {Wang, Zhimin and Zhang, Lijie and Chen, Zexiang and Yan, Jinyong and Lv, Zijian},
  title   = {Consensus‚Äêbased decentralized energy trading for distributed power grid systems},
  journal = {IET Energy Systems Integration},
  year    = {2021},
  volume  = {3},
  number  = {3},
  pages   = {242--250},
  doi     = {10.1049/enc2.12043},
  note    = {Develops consensus-based decentralized transactive energy management},
  langid  = {english}
}

@article{xiong2024-consensus-based-decentralized-scheduling,
  author  = {Xiong, Chao and Liu, Wei and Wang, Jinlin and Wang, Haitao and Lei, Jian},
  title   = {Consensus-based decentralized scheduling method for integrated energy system with multiple energy suppliers},
  journal = {Applied Energy},
  year    = {2024},
  volume  = {354},
  pages   = {121903},
  doi     = {10.1016/j.apenergy.2024.121903},
  note    = {Validates performance of a decentralized energy management algorithm},
  langid  = {english}
}
@article{gao2024-blockchain-renewable-energy-survey,
  author  = {Gao, Haomin and Wang, Panpan and Li, Wenjie and Wang, Fanhai},
  title   = {Blockchain for energy market: A comprehensive survey},
  journal = {Energy Reports},
  year    = {2024},
  volume  = {10},
  pages   = {1621--1639},
  doi     = {10.1016/j.egyr.2024.03.005},
  note    = {Comprehensive survey of blockchain-driven decentralized energy markets},
  langid  = {english}
}

@article{yasir2024-blockchain-technology-renewable-energy,
  author  = {Yasir, Muhammad and Saeed, Adnan and Ahmad, Imran and Daghriri, Talal and Khan, Syed Jameel Ahmed and Saleh, Tarig},
  title   = {Blockchain technology in the renewable energy sector: A co-word analysis and systematic review},
  journal = {Heliyon},
  year    = {2024},
  volume  = {10},
  number  = {6},
  pages   = {e26868},
  doi     = {10.1016/j.heliyon.2024.e26868},
  note    = {Systematic review of privacy and consensus technologies for renewable energy},
  langid  = {english}
}
@article{westphall2022-blockchain-hyperledger-fabric-energy,
  author  = {Westphall, Johann and Martina, Jean Everson},
  title   = {Blockchain Privacy and Scalability in a Decentralized Validated Energy Trading Context with Hyperledger Fabric},
  journal = {Sensors},
  year    = {2022},
  volume  = {22},
  number  = {12},
  pages   = {4585},
  doi     = {10.3390/s22124585},
  note    = {Detailed empirical analysis of privacy and scalability in decentralized energy trading},
  langid  = {english}
}
@article{navigatepower2025-blockchain-renewable-energy-platform,
  author  = {Navigate Power},
  title   = {Why Must Blockchain Be Part of Any Renewable Energy Platform?},
  journal = {Navigate Power Website},
  year    = {2025},
  month   = {June},
  note    = {Online article discussing blockchain roles in decentralized renewable energy decision-making and funding},
  url     = {https://navigatepower.com/why-must-blockchain-be-part-of-any-renewable-energy-platform/},
  langid  = {english}
}

@article{ecadin2025-blockchain-energy-sustainability,
  author  = {{European Climate, Infrastructure and Environment Executive Agency (CINEA)}},
  title   = {Unlocking the Power of Blockchain for Energy and Sustainability},
  journal = {ECADIN},
  year    = {2025},
  month   = {June},
  note    = {Explores blockchain's application in energy sector for peer-to-peer trading and funding transparency},
  url     = {https://www.ecadin.org/unlocking-the-power-of-blockchain-for-energy-and-sustainability/},
  langid  = {english}
}

@article{berkeley2024-powering-energy-blockchain,
  author  = {Berkeley University},
  title   = {Powering the Energy Sector through Blockchain},
  journal = {Corporate Management Review},
  year    = {2024},
  month   = {December},
  note    = {Examines blockchain enabling decentralized funding and decision-making in renewables},
  url     = {https://cmr.berkeley.edu/2024/12/powering-the-energy-sector-through-blockchain/},
  langid  = {english}
}

@article{eaubof2024-blockchain-energy-sector,
  author  = {{European Union Blockchain Observatory and Forum}},
  title   = {Blockchain Applications in the Energy Sector},
  year    = {2024},
  note    = {PDF report focusing on energy sector blockchain use cases including funding and decision systems},
  url     = {https://blockchain-observatory.ec.europa.eu/document/download/4ce6b8bf-8f22-4eef-acdc-99da056aeed8_en},
  langid  = {english}
}
@misc{sustainability-directory2025-renewable-financing,
  author = {Sustainability Directory},
  title  = {What Financing Models Exist for Renewables?},
  year   = {2025},
  month  = {April},
  note   = {Overview of debt, equity, government support, PPAs, crowdfunding, and risk mitigation in renewable energy finance},
  url    = {https://energy.sustainability-directory.com/question/what-financing-models-exist-for-renewables/},
  langid = {english}
}

@article{ekpei2025-innovative-financing-renewable-projects,
  author  = {Ekpei, Anthony and Agbeve, Remi},
  title   = {Innovative Financing Models for Renewable Projects},
  journal = {Journal of Energy Research and Reviews},
  year    = {2025},
  volume  = {17},
  number  = {5},
  pages   = {31--41},
  note    = {Discusses traditional and emerging funding models including grants, PPAs, YieldCos, and third-party ownership models},
  url     = {https://journaljenrr.com/index.php/JENRR/article/download/411/867/624},
  langid  = {english}
}

@misc{energyaction2025-mastering-renewable-finance,
  author = {Energy Action Australia},
  title  = {Mastering Renewable Energy Finance for Corporate Success},
  year   = {2025},
  note   = {Summary of popular renewable finance models like PPAs, green bonds, on-balance sheet, and third-party financing},
  url    = {https://energyaction.com.au/mastering-renewable-energy-finance/},
  langid = {english}
}

@misc{wbcsd2016-pathways-scale-renewable-finance,
  author = {World Business Council for Sustainable Development},
  title  = {Pathways to Scale Finance for Renewable Energy},
  year   = {2016},
  note   = {Analyzes trends in investor diversity, new financing instruments, and corporate procurement for renewables},
  url    = {http://docs.wbcsd.org/2016/11/Pathways-to-scale-finance-for-renewable-energy.pdf},
  langid = {english}
}

